@Electronic{wikibooks-latex,
	title = {{Wikibooks - Latex}},
	url = {https://secure.wikimedia.org/wikibooks/en/wiki/LaTeX/}
}
